% Encoding: UTF-8

@Article{journals/titb/MotrenkoS16,
  author    = {Anastasia Motrenko and Vadim Strijov},
  title     = {Extracting Fundamental Periods to Segment Biomedical Signals},
  journal   = {IEEE J. Biomedical and Health Informatics},
  year      = {2016},
  volume    = {20},
  number    = {6},
  pages     = {1466--1476},
  bibdate   = {2017-06-15},
  bibsource = {DBLP, http://dblp.uni-trier.de/https://doi.org/10.1109/JBHI.2015.2466440; DBLP, http://dblp.uni-trier.de/db/journals/titb/titb20.html#MotrenkoS16},
}

@Article{journals/titb/KarStr16,
  author  = {М.~Е.~Карасиков, В.~В.~Стрижов},
  title   = {Классификация временных рядов в пространстве параметров порождающих моделей},
  journal = {Информ. и е\"e примен.},
  year    = {2016},
  volume  = {10},
  number  = {4},
  pages   = {121--131},
  bibdate = {10.05.2016},
}

@Comment{jabref-meta: databaseType:bibtex;}