% Encoding: UTF-8

@Article{MotrenkoS16,
  author    = {Anastasia Motrenko and Vadim Strijov},
  title     = {Extracting Fundamental Periods to Segment Biomedical Signals},
  journal   = {IEEE J. Biomedical and Health Informatics},
  year      = {2016},
  volume    = {20},
  number    = {6},
  pages     = {1466--1476},
  bibdate   = {2017-06-15},
  bibsource = {DBLP, http://dblp.uni-trier.de/https://doi.org/10.1109/JBHI.2015.2466440; DBLP, http://dblp.uni-trier.de/db/journals/titb/titb20.html#MotrenkoS16},
}

@Article{KarStr16,
  author  = {В.~В.~Стрижов, М.~Е.~Карасиков},
  title   = {Классификация временных рядов в пространстве параметров порождающих моделей},
  journal = {Информ. и е\"e примен.},
  year    = {2016},
  volume  = {10},
  number  = {4},
  pages   = {121--131},
  bibdate = {10.05.2016},
}

@Article{KuzIv15,
  author  = { Н.~П.~Ивкин, М.~П.~Кузнецов},
  title   = {Алгоритм классификации временных рядов акселерометра по комбинированному признаковому описанию},
  journal = {Машинное обучение и анализ данных. },
  year    = {2015},
  volume  = {1},
  number  = {11},
  pages   = {1471--1483},
  bibdate = {10.05.2015},
}


@Article{AnPenStr18,
  author  = {В.~В.~Стрижов, Г.~О.~Пенкин,  Д.~А.~Аникеев},
  title   = {Классификация физической активности человека с помощью локальных аппроксимирующих моделей},
  journal = {Информ. и е\"e примен.},
  year    = {2018},
  volume  = {18},
  number  = {1},
  pages   = {144--156},
  bibdate = {10.05.2018},
}


@Article{IsZhar18,
  author  = {Isachenko ~R.~V., Bochkarev ~A.~M., Zharikov ~I.~N., Strijov ~V.~V. },
  title   = {Feature Generation for Physical Activity Classification },
  journal = { Artificial Intelligence and Decision Making},
  year    = {2018},
 
  pages   = {20--27},
  bibdate = {10.05.2018},
}


@Article{ZaPoStr16,
  author  = {А.~И.~Задаянчук, М.~С.~Попова, В.~В.~Стрижов },
  title   = {Выбор оптимальной модели классификации физической активности по измерениям акселерометра},
  journal = { Информационные технологии},
  year    = {2016},
  volume  = {22},
  number  = {4},
  pages   = {313--318},
  bibdate = {10.05.2018},
}


%@Comment{jabref-meta: databaseType:bibtex;}




















